%%%% REFERÊNCIAS
%%
%% Conjunto padronizado de elementos descritivos retirados de um documento, que permite sua identificação individual.
%%
%% Adicione neste arquivo as suas referências no formato BibTeX, conforme exemplos apresentados no arquivo
%% "exemplos-referencias.bib".

